@article{merrins2016phase,
  title={Phase analysis of metabolic oscillations and membrane potential in pancreatic islet $\beta$-cells},
  author={Merrins, Matthew J and Poudel, Chetan and McKenna, Joseph P and Ha, Joon and Sherman, Arthur and Bertram, Richard and Satin, Leslie S},
  journal={Biophysical journal},
  volume={110},
  number={3},
  pages={691--699},
  year={2016},
  publisher={Elsevier}
}
