@article{mckenna20162calcium,
  title={Ca$^{2+}$ effects on ATP production and consumption have regulatory roles on oscillatory islet activity},
  author={McKenna, J. P, Joon Ha, Matthew J. Merrins, Leslie S. Satin, Arthur Sherman, and Richard Bertram},
  journal={Biophys. J.},
  volume={110},
  number={3},
  pages={733--742},
  year={2016},
  publisher={Elsevier}
}
